@book{backgammon-strategies,
  author    = {Alex Eshaghian},
  year      = {2023},
  title     = {Backgammon Backgame Strategies},
  publisher = {Hardcover}
}
