@article{td-first-improvement,
  title={Learning to predict by the methods of temporal differences},
  author={Sutton, Richard S},
  journal={Machine learning},
  volume={3},
  pages={9--44},
  year={1988},
  publisher={Springer}
}

@incollection{amm-first-article,
  author    = {Н.В. Покатаев and С.Н. Медведев},
  title     = {ИССЛЕДОВАНИЕ ОСНОВНЫХ ПОДХОДОВ К РЕАЛИЗАЦИИ ИСКУССТВЕННОГО ИНТЕЛЛЕКТА ДЛЯ ИГРЫ "НАРДЫ"},
  booktitle = {Математика, информационные технологии, приложения. Сборник трудов Межвузовской научной конференции молодых ученых и студентов},
  year      = {2024},
  publisher = {Воронеж},
  pages     = {706--710}
}
